% Identifiers
@STRING{SRL="Seismological Research Letters"}
@STRING{BSSA="Bulletin of the Seismological Society of America"}

@ARTICLE{abrahamson:97,
	author = {N. A. Abrahamson and W. J. Silva},
	title = {Empirical response spectral attenuation relations for shallow crustal earthquakes },
	journal = SRL,
	year = {1997},
	volume = {68},
	number = {1},
	pages = {94-127},
	month = {January-Feburary}
}

@TECHREPORT{abrahamson:96,
	author = {N. A. Abrahamson and W. J. Silva},
	title = {Empirical ground motion models},
	institution = {Brookhaven National Laboratory},
	year = {1996},
}

@ARTICLE{boore:97,
	author = {D. M. Boore and W. B. Joyner and T. E. Fumal},
	title = {Equations for estimating horizontal response spectra and peak
		acceleration from western {N}orth {A}merican earthquakes: {A} summary of
			recent work},
	journal = SRL,
	year = {1997},
	volume = {68},
	number = {1},
	pages = {128-153},
	month = {January/Feburary}
}

@ARTICLE{campbell:97,
	author = {K. W. Campbell},
	title = {Empirical near-source attenuation relationships for horizontal and veritcal components of peak ground acceleraion, peak ground velocity, and pseudo-absolute accleration response spectra},
	journal = SRL,
	year = {1997},
	volume = {68},
	number = {1},
	pages = {154-179},
	month = {January/Feburary},
}

@TECHREPORT{toro:95,
	author = {Gabriel R. Toro},
	title = {Probablistic models of site velocity profiles for generic and site-specific ground-motion amplification studies},
	institution = {Brookhaven National Laboratory},
	year = {1995},
	number = {779574},
	address = {Upton, New York}
}

@BOOK{kramer:96,
	author = {Steven L. Kramer},
	title = {Geotechnical Earthquake Engineering},
	publisher = {Prentice Hall},
	year = {1996},
	address = {Upper Saddle River, New Jersey}
}
@MANUAL{shake91,
	title = {SHAKE91: a computer program for conducting equivalent linear seismic response analyses of horizontally layered soil deposits},
	organization = {Center for Geotechnical Modelling, Department of Civil and Environmentall Engineering, University of California, Davis},
	author = {I. M. Idriss and J. I. Sun},
	year = {1992}
}
@TECHREPORT{seed:70,
	author = {H. B. Seed and I. M. Seed},
	title = {Soil moduli and damping factors for dynamic response analyses},
	institution = {Earthquake Engineering Research Center},
	year = {1970},
	number = {EERC 70-10},
	address = {University of California, Berkeley}
}
@PHDTHESIS{darendeli:01,
	author = {Mehmet Baris Darendeli},
	title = {Development of a new family of normalized modulus reduction and material damping curves},
	school = {The University of Texas, Austin},
	year = {2001},
}
@ARTICLE{hardin:72,
	author = {B. O. Hardin and V. P. Drnevich},
	title = {Shear modulus and damping in soils: design equations and curves},
	journal = {Journal of soil mechanics and foundation engineering division, ASCE},
	year = {1972},
	volume = {98},
	number = {SM7},
	pages = {667-692},
	month = {June}
}

@PHDTHESIS{chang:96,
	author = {Susan Wa-Yne Chang},
	title = {Seismic response of deep stiff soil deposits},
	school = {University of California, Berkeley},
	year = {1996},
	month = {December},
}
@ARTICLE{abrahamson:88,
	author = {NA Abrahamson},
	title = {Statistical properties of peak ground accelerations recorded the {SMART 1 Array}},
	journal = BSSA,
	year = {1988},
	volume = {78},
	pages = {26-41},
}
@ARTICLE{toro:92,
	author = {GR Toro and WJ Silva and RK Mc{G}uire and RB Hermann},
	title = {Probabilistic Seismic Hazard Mapping of the {M}ississippi {E}mbayment},
	journal = SRL,
	year = {1992},
	volume = {63},
	number = {3},
	month = {July-September},
	pages = {449-475}
}
@TECHREPORT{mcguire:89,
	author = {RK Mc{G}uire and GR Toro and TP O'{H}ara and JP Jacobson and WJ Silva},
	title = {Probablistic seismic hazard evaluations at nuclear plant sites in the {C}entral and {E}astern {U}nited {S}tates: {R}esolution of the {C}harleston {E}arthquake issue},
	institution = {Electric Power Research Institute},
	year = {1989},
	number = {NP-6395-D},
	address = {Palo Alto, California},
	month = {April}
}
@TECHREPORT{costantino:91,
	author = {CJ Costantino and E Heymsfield and YT Gu},
	title = {Site Specific Estimates of Surface Ground Motions for the {K}-Reactor Site, {S}avannah {R}iver Plant},
	institution = {Structural Analysis Division, Nuclear Energy Department, Brookhaven National Laboratory},
	year = {1991},
	type = {Report},
	number = {CEERC-91-003},
	address = {Upton, New York}
}
@BOOK{ang:vol1,
	author = {Alfredo H-S. Ang and Wilson H. Tang},
	title = {Probability Concepts in Engineering Planning and Design: Volume {I}--Basic Principles},
	publisher = {John Wiley and Sons},
	address = {New York},
	year = {1975},
}
@BOOK{ang:vol2,
	author = {Alfredo H-S. Ang and Wilson H. Tang},
	title = {Probability Concepts in Engineering Planning and Design: Volume {II}--Descision, Risk, and Reliability},
	publisher = {Ang and Tang},
	year = {1990},
}
@BOOK{marcus:65,
	author = {Marvin Marcus and Henryk Minc},
	title = {Introduction to linear algebra},
	publisher = {Macmillan},
	year = {1965},
	address = {New York},
}
@INPROCEEDINGS{roblee:96,
	author = {C.J Roblee and W.J. Silva and G.R. Toro and N. Abrahamson},
	title = {Variability in site-specific seismic ground-motion design predictions},
	booktitle = {Geotechnical Special Publication},
	volume = {58(2)},
	year = {1996},
	pages = {1113-1133},
	address = {New York, NY},
	publisher = {ASCE}
}
@BOOK{vanmarcke:83,
	author = {Erik Vanmarcke},
	title = {Random fields, analysis and synthesis},
	publisher = {The MIT Press},
	year = {1983},
	address = {Cambridge, Massachusetts},
}


